<record><leader>00000cas a2200000 a 4500</leader><controlfield tag="001">45216336</controlfield><controlfield tag="008">001024d189419uumiuuu n       0    0eng c</controlfield><datafield ind1=" " ind2=" " tag="010"><subfield code="a">sn 00062691 </subfield></datafield><datafield ind1=" " ind2=" " tag="040"><subfield code="a">MHN</subfield><subfield code="b">eng</subfield><subfield code="c">MHN</subfield><subfield code="d">OCL</subfield><subfield code="d">OCLCQ</subfield><subfield code="d">OCLCF</subfield><subfield code="d">OCLCO</subfield></datafield><datafield ind1="1" ind2=" " tag="029"><subfield code="a">AU@</subfield><subfield code="b">000022026159</subfield></datafield><datafield ind1=" " ind2=" " tag="042"><subfield code="a">pcc</subfield></datafield><datafield ind1=" " ind2=" " tag="043"><subfield code="a">n-us-mi</subfield></datafield><datafield ind1="0" ind2="4" tag="245"><subfield code="a">The Mendon leader.</subfield></datafield><datafield ind1=" " ind2=" " tag="260"><subfield code="a">Mendon, Mich. :</subfield><subfield code="b">[s.n.]</subfield></datafield><datafield ind1=" " ind2=" " tag="300"><subfield code="a">v.</subfield></datafield><datafield ind1="1" ind2=" " tag="362"><subfield code="a">Began in 1894.</subfield></datafield><datafield ind1=" " ind2=" " tag="588"><subfield code="a">Description based on: Vol. 16, no. 47 (Feb. 18, 1910).</subfield></datafield><datafield ind1=" " ind2="0" tag="651"><subfield code="a">Mendon (Mich.)</subfield><subfield code="v">Newspapers.</subfield></datafield><datafield ind1=" " ind2="0" tag="651"><subfield code="a">Saint Joseph County (Mich.)</subfield><subfield code="v">Newspapers.</subfield></datafield><datafield ind1=" " ind2="7" tag="655"><subfield code="a">Newspapers.</subfield><subfield code="2">fast</subfield><subfield code="0">(OCoLC)fst01423814</subfield></datafield><datafield ind1=" " ind2="7" tag="651"><subfield code="a">Michigan</subfield><subfield code="z">Mendon.</subfield><subfield code="2">fast</subfield><subfield code="0">(OCoLC)fst01227740</subfield></datafield><datafield ind1=" " ind2="7" tag="651"><subfield code="a">Michigan</subfield><subfield code="z">Saint Joseph County.</subfield><subfield code="2">fast</subfield><subfield code="0">(OCoLC)fst01210520</subfield></datafield><datafield ind1=" " ind2=" " tag="752"><subfield code="a">United States</subfield><subfield code="b">Michigan</subfield><subfield code="c">Saint Joseph</subfield><subfield code="d">Mendon.</subfield></datafield><datafield ind1="1" ind2="7" tag="785"><subfield code="t">Weekly globe (Mendon, Mich.)</subfield><subfield code="w">(DLC)sn 00062696</subfield><subfield code="w">(OCoLC)45216255</subfield></datafield><datafield ind1="1" ind2="7" tag="785"><subfield code="t">Mendon globe-leader</subfield><subfield code="w">(DLC)sn 83016407</subfield><subfield code="w">(OCoLC)9798434</subfield></datafield></record>